<?xml version="1.0" encoding="UTF-8"?><collection xmlns="http://www.loc.gov/MARC21/slim"><record><leader>00564nam--2200193-u-4500</leader><controlfield tag="001">000055538</controlfield><controlfield tag="002">20161230</controlfield><controlfield tag="005">20161230201052</controlfield><controlfield tag="008">130220s1000------------r-----000-0-eng-d</controlfield><datafield ind1=" " ind2=" " tag="040"><subfield code="a">IFIN-HH</subfield></datafield><datafield ind1=" " ind2=" " tag="080"><subfield code="a">413.232=2=S</subfield></datafield><datafield ind1="1" ind2=" " tag="100"><subfield code="a">Heiler, L.B</subfield></datafield><datafield ind1="1" ind2="0" tag="245"><subfield code="a">English-russian electrotehnical dictionary</subfield><subfield code="b">Anglo-russkii elektrotehniceskii slovari</subfield><subfield code="c">L.b. heiler, n.j. dozorov</subfield></datafield><datafield ind1=" " ind2=" " tag="250"><subfield code="a">Third Edition Reprinted From The Second Edition</subfield></datafield><datafield ind1=" " ind2=" " tag="260"><subfield code="a">Moskva</subfield><subfield code="c">1961</subfield></datafield><datafield ind1=" " ind2=" " tag="300"><subfield code="a">710P</subfield></datafield><datafield ind1="1" ind2=" " tag="700"><subfield code="a">Dozorv, N.J</subfield></datafield><datafield ind1=" " ind2=" " tag="852"><subfield code="a">D.242</subfield><subfield code="c">SLT</subfield></datafield><datafield ind1=" " ind2=" " tag="CAT"><subfield code="a">Sys</subfield><subfield code="c">20130220</subfield><subfield code="h">125724</subfield></datafield></record></collection>